@Misc{arpackpp,
  title = {{BSD} ARPACK++ package},
  author = {Reuter, Martin and Gomes, Francisco M., and Sorensen, Danny},
  url = {https://github.com/m-reuter/arpackpp}
}
